@misc{Lant2010,
author = {Lant, Michael},
booktitle = {Software Development, Agile Methods and the Intersection of People Process and Technology},
title = {{How To Make Your Project Not Suck by Using an Agile Project Charter}},
url = {http://michaellant.com/2010/05/18/how-to-make-your-project-not-suck/},
year = {2010}
}

@book{Rubin2012,
author = {Rubin, Kenneth S},
edition = {1st},
isbn = {0137043295, 9780137043293},
publisher = {Addison-Wesley Professional},
title = {{Essential Scrum: A Practical Guide to the Most Popular Agile Process}},
year = {2012}
}

@techreport{,
institution = {U.S. Department of Defense},
pages = {2--7},
title = {{DOD Sample Phase I Proposal}},
url = {http://www.acq.osd.mil/osbp/sbir/sb/resources/sample-proposals.shtml},
year = {2011}
}



@misc{cin7,
    title     = "Cin7: Inventory Management Software and POS System",
    url       = "https://www.cin7.com/"
}

@misc{Finale,
    title     = "Finale Inventory: Cloud Inventory Management For Your Growing Business",
    url       = "http://promo.finaleinventory.com/lp?source=capterra_inventory_management&source=capterra"
}
@misc{Gecko,
    title     = "TradeGecko: A platform that enables automation for omnichannel operations, improving efficiency and increasing profitability",
    url       = "https://www.tradegecko.com/gartner/enterprise-inventory-management?utm_source=capterra"
}

@misc{cin7Re,
    title     = "Cin7 Reviews and Pricing",
    url       = "https://www.capterra.com/inventory-management-software/"
}


@misc{FinaleRe,
    title     = "About Finale Inventory",
    url       = "https://www.softwareadvice.com/inventory-management/finale-inventory-profile/"
}

@misc{geckoRe,
    title     = "TradeGecko User Reviews, Pricing & Popular Alternatives",
    url       = "https://fitsmallbusiness.com/tradegecko-user-reviews-pricing/"
}
